@misc{RSFDGrC,
author={{RSFDGrC}},
title={{International Conference on Rough Sets, Fuzzy Sets, Data Mining, and Granular-Soft Computing}},
howpublished ={\url{http://dblp.uni-trier.de/db/conf/rsfdgrc/index.html}},
note={Accessed: 2015-08-29},
}

@book{Wittgenstein,
title = {Wittgenstein: Understanding and Meaning, Volume 1 of an Analytical Commentary on the Philosophical Investigations, Part
II: Exegesis 1-184},
author = {Baker, G.P. and Hacker, P.M.S.},
publisher = {Wiley-Blackwell Publishing},
isbn = {9780470753101},
doi = {10.1002/9780470753101},
year = {2004},
note = {2nd Edition}
}

@article{SzczukaSKK14,
  author    = {Marcin S. Szczuka and
               Lukasz Sosnowski and
               Adam Krasuski and
               Karol Krenski},
  title     = {Using Domain Knowledge in Initial Stages of {KDD:} Optimization of
               Compound Object Processing},
  journal   = {Fundamenta Informaticae},
  volume    = {129},
  number    = {4},
  pages     = {341--364},
  year      = {2014},
  doi       = {10.3233/FI-2014-975},
  }

@inproceedings{KrasuskiJSS13,
  author    = {Adam Krasuski and
               Andrzej Jankowski and
               Andrzej Skowron and
               Dominik \'{S}l\c{e}zak},
  title     = {{From Sensory Data to Decision Making: {A} Perspective on Supporting
               a Fire Commander}},
  booktitle = {2013 {IEEE/WIC/ACM} International Conferences on Web Intelligence
               and Intelligent Agent Technology, Atlanta, Georgia, USA, 17-20 November
               2013, Workshop Proceedings},
  pages     = {229--236},
  year      = {2013},
  crossref  = {DBLP:conf/iat/2013w},
  doi       = {10.1109/WI-IAT.2013.188},
 }

@proceedings{DBLP:conf/iat/2013w,
  title     = {2013 {IEEE/WIC/ACM} International Conferences on Web Intelligence
               and Intelligent Agent Technology, Atlanta, Georgia, USA, 17-20 November
               2013, Workshop Proceedings},
  publisher = {{IEEE} Computer Society},
  year      = {2013},
  url       = {http://ieeexplore.ieee.org/xpl/tocresult.jsp?isnumber=6690661},
  isbn      = {978-1-4799-2902-3},
  }
