@inproceedings{Hu08,
	author = "Liyang Hu and Graham Hutton",
        title  = "{Towards a Verified Implementation of Software Transactional Memory}",
	booktitle = "{Trends in Functional Programming volume 9}",
	publisher = "Intellect",
        year = 2009,
        editor = "Peter Achten and Pieter Koopman and Marco Morazan",
        month = jul,
        note = "Selected papers from the Ninth Symposium on Trends in
        	Functional Programming, Nijmegen, The Netherlands, May 2008."}

@inproceedings{Dice06,
 author = {Dice, Dave and Shalev, Ori and Shavit, Nir},
 title = {Transactional Locking II},
 booktitle = {Proceedings of the 20th International Conference on Distributed Computing},
 series = {DISC'06},
 year = {2006},
 isbn = {3-540-44624-9, 978-3-540-44624-8},
 location = {Stockholm, Sweden},
 pages = {194--208},
 numpages = {15},
 url = {http://dx.doi.org/10.1007/11864219_14},
 doi = {10.1007/11864219_14},
 acmid = {2136065},
 publisher = {Springer-Verlag},
 address = {Berlin, Heidelberg},
}

@inproceedings{Harris05,
 author = {Harris, Tim and Marlow, Simon and Peyton-Jones, Simon and Herlihy, Maurice},
 title = {Composable Memory Transactions},
 booktitle = {Proceedings of the Tenth ACM SIGPLAN Symposium on Principles and Practice of Parallel Programming},
 series = {PPoPP '05},
 year = {2005},
 isbn = {1-59593-080-9},
 location = {Chicago, IL, USA},
 pages = {48--60},
 numpages = {13},
 url = {http://doi.acm.org/10.1145/1065944.1065952},
 doi = {10.1145/1065944.1065952},
 acmid = {1065952},
 publisher = {ACM},
 address = {New York, NY, USA},
 keywords = {locks, non-blocking algorithms, transactions},
}

@inproceedings{Shavit95,
 author = {Shavit, Nir and Touitou, Dan},
 title = {Software Transactional Memory},
 booktitle = {Proceedings of the Fourteenth Annual ACM Symposium on Principles of Distributed Computing},
 series = {PODC '95},
 year = {1995},
 isbn = {0-89791-710-3},
 location = {Ottowa, Ontario, Canada},
 pages = {204--213},
 numpages = {10},
 url = {http://doi.acm.org/10.1145/224964.224987},
 doi = {10.1145/224964.224987},
 acmid = {224987},
 publisher = {ACM},
 address = {New York, NY, USA},
}

@inproceedings{Claessen00,
 author = {Claessen, Koen and Hughes, John},
 title = {QuickCheck: A Lightweight Tool for Random Testing of Haskell Programs},
 booktitle = {Proceedings of the Fifth ACM SIGPLAN International Conference on Functional Programming},
 series = {ICFP '00},
 year = {2000},
 isbn = {1-58113-202-6},
 pages = {268--279},
 numpages = {12},
 url = {http://doi.acm.org/10.1145/351240.351266},
 doi = {10.1145/351240.351266},
 acmid = {351266},
 publisher = {ACM},
 address = {New York, NY, USA},
} 
@article{Claessen:2000:QLT:357766.351266,
 author = {Claessen, Koen and Hughes, John},
 title = {QuickCheck: A Lightweight Tool for Random Testing of Haskell Programs},
 journal = {SIGPLAN Not.},
 issue_date = {Sept. 2000},
 volume = {35},
 number = {9},
 month = sep,
 year = {2000},
 issn = {0362-1340},
 pages = {268--279},
 numpages = {12},
 url = {http://doi.acm.org/10.1145/357766.351266},
 doi = {10.1145/357766.351266},
 acmid = {351266},
 publisher = {ACM},
 address = {New York, NY, USA},
} 

@inproceedings{Gill07,
 author = {Gill, Andy and Runciman, Colin},
 title = {Haskell Program Coverage},
 booktitle = {Proceedings of the ACM SIGPLAN Workshop on Haskell Workshop},
 series = {Haskell '07},
 year = {2007},
 isbn = {978-1-59593-674-5},
 location = {Freiburg, Germany},
 pages = {1--12},
 numpages = {12},
 url = {http://doi.acm.org/10.1145/1291201.1291203},
 doi = {10.1145/1291201.1291203},
 acmid = {1291203},
 publisher = {ACM},
 address = {New York, NY, USA},
 keywords = {code coverage, haskell, software engineering},
}

@inproceedings{LesaniP14,
  author    = {Mohsen Lesani and
               Jens Palsberg},
  title     = {Decomposing Opacity},
  booktitle = {Distributed Computing - 28th International Symposium, {DISC} 2014,
               Austin, TX, USA, October 12-15, 2014. Proceedings},
  pages     = {391--405},
  year      = {2014},
  crossref  = {DBLP:conf/wdag/2014},
  url       = {http://dx.doi.org/10.1007/978-3-662-45174-8_27},
  doi       = {10.1007/978-3-662-45174-8_27},
  timestamp = {Tue, 30 Sep 2014 10:44:00 +0200},
  biburl    = {http://dblp.uni-trier.de/rec/bib/conf/wdag/LesaniP14},
  bibsource = {dblp computer science bibliography, http://dblp.org}
}

@proceedings{DBLP:conf/wdag/2014,
  editor    = {Fabian Kuhn},
  title     = {Distributed Computing - 28th International Symposium, {DISC} 2014,
               Austin, TX, USA, October 12-15, 2014. Proceedings},
  series    = {Lecture Notes in Computer Science},
  volume    = {8784},
  publisher = {Springer},
  year      = {2014},
  url       = {http://dx.doi.org/10.1007/978-3-662-45174-8},
  doi       = {10.1007/978-3-662-45174-8},
  isbn      = {978-3-662-45173-1},
  timestamp = {Tue, 30 Sep 2014 10:39:44 +0200},
  biburl    = {http://dblp.uni-trier.de/rec/bib/conf/wdag/2014},
  bibsource = {dblp computer science bibliography, http://dblp.org}
}

@inproceedings{Guerraoui2008,
 author = {Guerraoui, Rachid and Kapalka, Michal},
 title = {On the Correctness of Transactional Memory},
 booktitle = {Proceedings of the 13th ACM SIGPLAN Symposium on Principles and Practice of Parallel Programming},
 series = {PPoPP '08},
 year = {2008},
 isbn = {978-1-59593-795-7},
 location = {Salt Lake City, UT, USA},
 pages = {175--184},
 numpages = {10},
 url = {http://doi.acm.org/10.1145/1345206.1345233},
 doi = {10.1145/1345206.1345233},
 acmid = {1345233},
 publisher = {ACM},
 address = {New York, NY, USA},
 keywords = {correctness, lower bound, model, transactional memory},
} 
